PokerStars Hand #100000000020: Tournament #1000000011, €0.91+€0.09 EUR Hold'em No Limit - Level I (10/20) [ADM ID: TESTAAAA0011] - 2026/02/01 11:00:00 CET [2026/02/01 05:00:00 ET]
Table '1000000011 1' 2-max Seat #1 is the button
Seat 1: TestHero (600 in chips)
Seat 2: Villain1 (600 in chips)
TestHero: posts small blind 10
Villain1: posts big blind 20
*** HOLE CARDS ***
Dealt to TestHero [Ah Kd]
TestHero: raises 50 to 60
Villain1: raises 140 to 200
TestHero: calls 140
*** FLOP *** [2c 7d Ts]
TestHero: checks
Villain1: checks
*** TURN *** [2c 7d Ts] [5h]
TestHero: checks
Villain1: checks
*** RIVER *** [2c 7d Ts 5h] [8s]
TestHero: checks
Villain1: checks
*** SHOW DOWN ***
TestHero: shows [Ah Kd] (high card Ace)
Villain1: shows [Qd Js] (high card Queen)
TestHero collected 400 from pot
*** SUMMARY ***
Total pot 400 | Rake 0
Board [2c 7d Ts 5h 8s]
Seat 1: TestHero (button) (small blind) showed [Ah Kd] and won (400) with high card Ace
Seat 2: Villain1 (big blind) showed [Qd Js] and lost with high card Queen
PokerStars Hand #100000000021: Tournament #1000000011, €0.91+€0.09 EUR Hold'em No Limit - Level I (10/20) [ADM ID: TESTAAAA0011] - 2026/02/01 11:02:00 CET [2026/02/01 05:02:00 ET]
Table '1000000011 1' 2-max Seat #2 is the button
Seat 1: TestHero (800 in chips)
Seat 2: Villain1 (400 in chips)
Villain1: posts small blind 10
TestHero: posts big blind 20
*** HOLE CARDS ***
Dealt to TestHero [2c 7d]
Villain1: raises 380 to 400 and is all-in
TestHero: folds
Uncalled bet (380) returned to Villain1
Villain1 collected 30 from pot
*** SUMMARY ***
Total pot 30 | Rake 0
Seat 1: TestHero (big blind) folded before Flop
Seat 2: Villain1 (button) (small blind) collected (30)
PokerStars Hand #100000000022: Tournament #1000000011, €0.91+€0.09 EUR Hold'em No Limit - Level I (10/20) [ADM ID: TESTAAAA0011] - 2026/02/01 11:04:00 CET [2026/02/01 05:04:00 ET]
Table '1000000011 1' 2-max Seat #1 is the button
Seat 1: TestHero (780 in chips)
Seat 2: Villain1 (420 in chips)
TestHero: posts small blind 10
Villain1: posts big blind 20
*** HOLE CARDS ***
Dealt to TestHero [Ks Kc]
TestHero: raises 760 to 780 and is all-in
Villain1: calls 400 and is all-in
Uncalled bet (360) returned to TestHero
*** FLOP *** [2d 5h 9c]
*** TURN *** [2d 5h 9c] [3s]
*** RIVER *** [2d 5h 9c 3s] [7d]
*** SHOW DOWN ***
TestHero: shows [Ks Kc] (a pair of Kings)
Villain1: shows [Qh Jh] (high card Queen)
TestHero collected 840 from pot
Villain1 finished the tournament in 2nd place
TestHero wins the tournament and receives €2.00 - congratulations!
*** SUMMARY ***
Total pot 840 | Rake 0
Board [2d 5h 9c 3s 7d]
Seat 1: TestHero (button) (small blind) showed [Ks Kc] and won (840) with a pair of Kings
Seat 2: Villain1 (big blind) showed [Qh Jh] and lost with high card Queen
